<record xmlns='http://www.loc.gov/MARC21/slim'><leader>01319cam a22003251  4500</leader><controlfield tag='001'>a2974644</controlfield><controlfield tag='003'>SIRSI</controlfield><controlfield tag='005'>20170211050002.0</controlfield><controlfield tag='008'>760301r1923    enka          000 0 eng  </controlfield><datafield ind1=' ' ind2=' ' tag='010'><subfield code='a'>   36037687</subfield></datafield><datafield ind1=' ' ind2=' ' tag='035'><subfield code='a'>(OCoLC-M)2021343</subfield></datafield><datafield ind1=' ' ind2=' ' tag='035'><subfield code='a'>(OCoLC-I)275103252</subfield></datafield><datafield ind1=' ' ind2=' ' tag='040'><subfield code='a'>DLC</subfield><subfield code='c'>FNP</subfield><subfield code='d'>CSt-H</subfield><subfield code='d'>OrLoB</subfield></datafield><datafield ind1=' ' ind2=' ' tag='043'><subfield code='a'>f-ua---</subfield></datafield><datafield ind1=' ' ind2=' ' tag='050'><subfield code='a'>AC1</subfield><subfield code='b'>.E8 no. 315</subfield></datafield><datafield ind1=' ' ind2=' ' tag='082'><subfield code='a'>916.2</subfield></datafield><datafield ind1='1' ind2=' ' tag='100'><subfield code='a'>Lane, Edward William,</subfield><subfield code='d'>1801-1876.</subfield><subfield code=' '>^A28310</subfield></datafield><datafield ind1='1' ind2='4' tag='245'><subfield code='a'>The manners and customs of the modern Egyptians,</subfield><subfield code='c'>by Edward William Lane.</subfield></datafield><datafield ind1=' ' ind2=' ' tag='260'><subfield code='a'>London,</subfield><subfield code='a'>Toronto,</subfield><subfield code='b'>J. M. Dent &amp; sons, 1td;</subfield><subfield code='a'>New York,</subfield><subfield code='b'>E. P. Dutton &amp; co.</subfield><subfield code='c'>[1923]</subfield></datafield><datafield ind1=' ' ind2=' ' tag='300'><subfield code='a'>xxv, [1], 630 p.</subfield><subfield code='b'>illus.</subfield><subfield code='c'>18 cm.</subfield></datafield><datafield ind1='1' ind2=' ' tag='490'><subfield code='a'>Everyman&apos;s library, ed. by Ernest Rhys. Travel and topography.  [no. 315]</subfield></datafield><datafield ind1=' ' ind2=' ' tag='500'><subfield code='a'>&quot;First issue of this edition 1908.  Reprinted ... 1923.&quot;</subfield></datafield><datafield ind1=' ' ind2=' ' tag='500'><subfield code='a'>Includes music (melodies unaccompanied)</subfield></datafield><datafield ind1=' ' ind2=' ' tag='500'><subfield code='a'>&quot;Editor&apos;s preface (edition of 1860)&quot; signed: Edward Stanley Poole.</subfield></datafield><datafield ind1=' ' ind2=' ' tag='504'><subfield code='a'>&quot;Complete list of [Lane&apos;s] published works&quot;: p. ix.</subfield></datafield><datafield ind1=' ' ind2=' ' tag='596'><subfield code='a'>20</subfield></datafield><datafield ind1=' ' ind2='0' tag='651'><subfield code='a'>Egypt</subfield><subfield code='x'>Social life and customs.</subfield><subfield code=' '>^A1013269</subfield></datafield><datafield ind1=' ' ind2='0' tag='830'><subfield code='a'>Everyman&apos;s library</subfield><subfield code='v'>no. 315.</subfield><subfield code=' '>^A1126079</subfield></datafield><datafield ind1=' ' ind2=' ' tag='916'><subfield code='a'>DATE CATALOGED</subfield><subfield code='b'>19950302</subfield></datafield><datafield ind1=' ' ind2=' ' tag='999'><subfield code='a'>DT70 .L265B</subfield><subfield code='w'>LC</subfield><subfield code='c'>1</subfield><subfield code='i'>36105083120977</subfield><subfield code='d'>8/17/2001</subfield><subfield code='e'>6/6/2001</subfield><subfield code='l'>SAL-PAGE</subfield><subfield code='m'>SAL</subfield><subfield code='n'>2</subfield><subfield code='r'>Y</subfield><subfield code='s'>Y</subfield><subfield code='t'>STKS-MONO</subfield><subfield code='u'>3/2/1995</subfield></datafield></record>